4600 7509
638 1150 641 1155 ’
760 1115 1460 1221 PaxsrRIMn
1856 1147 1952 1264 ry

342 1315 381 1375 ta
408 1295 549 1389 sumita
587 1305 760 1468 extatpue
787 1293 861 1369 hoc
889 1292 1003 1370 titulo
1034 1292 1112 1393 gat·
1179 1310 1372 1403 procerum
1400 1344 1414 1387 ‚
1454 1296 1653 1395 populique
1686 1303 1863 1381 concursu
1888 1338 1955 1413 per

344 1396 448 1494 lice,
473 1402 502 1471 le
534 1396 633 1473 Saleii
649 1395 701 1471 Ec
713 1395 778 1490 ipse
791 1393 866 1477 &a
1178 1408 1249 1462 tres
1264 1387 1337 1461 dles
1353 1388 1539 1465 celebratae
1557 1392 1640 1471 sunt
1667 1421 1677 1469 ε
1706 1400 1835 1499 quibus
1860 1416 1950 1487 toti.

396 1498 555 1595 Legitur
570 1493 772 1594 etejusdem
779 1494 947 1569 Narratio
962 1490 1000 1563 de
1011 1485 1121 1575 trans·
1177 1486 1257 1558 dem
1271 1489 1462 1562 Orationes
1476 1488 1639 1568 funebres
1656 1495 1781 1573 habuit
1796 1501 1866 1578 Vir
1882 1509 1949 1584 do-

345 1595 464 1669 latiam
485 1597 711 1687 Reliquiarnne
736 1592 774 1666 S.
804 1590 936 1664 Manna
957 1590 1124 1680 Martyris
1177 1582 1264 1657 oiri.
1283 1587 1434 1661 Andreas
1447 1589 1607 1662 Valadr'er
1620 1593 1739 1669 Abbas
1762 1601 1800 1673 S.
1814 1604 1949 1683 Arnul·

347 1693 526 1768 adAereae
542 1693 651 1767 Vallis
666 1687 912 1784 Monastrriane.
1044 1785 1051 1799 ο
1179 1682 1243 1852 phi
1274 1683 1476 1798 Meterriisf
1505 1713 1587 1785 quae
1619 1687 1722 1767 simul
1739 1700 1952 1793 prodierunt

400 1794 513 1865 Dixit
530 1812 674 1888 quoque
686 1786 922 1886 julluAlberti
940 1783 1122 1862 Archrdu·
1217 1780 1430 1881 uxemburgs
1463 1809 1509 1895 in·
1533 1809 1568 1880 4.
1606 1791 1702 1887 apud
1742 1796 1952 1877 Hubertum

350 1890 403 1963 cis
423 1892 595 1963 Orationes
608 1886 762 1981 funebres
789 1883 950 1976 Radelphi
965 1884 1008 1965 &
1025 1885 1125 1958 Mat·
1179 1879 1369 1974 Reulaud,
1396 1886 1466 1955 hoc
1483 1886 1613 1956 titulo:
1629 1889 1695 1959 Les
1711 1891 1840 1966 Saintes
1851 1901 1954 1973 Mon.

348 1987 428 2059 thie
454 1981 845 2079 Imperatorum,Ernesti
857 1980 1066 2072 Archidaer's,
1081 1982 1125 2064 &l
1179 1990 1288 2072 tegnas
1303 1978 1346 2059 &
1361 1983 1485 2052 collinet
1498 1981 1649 2056 d’Orval
1657 1984 1700 2066 ὅ
1707 1988 1745 2058 de
1754 1994 1952 2093 Clairvaare,

348 2084 567 2181 angastifflmae
589 2086 705 2154 matris
724 2084 871 2170 illarum,
896 2079 1124 2172 Imperatricis.
1179 2080 1258 2144 vive
1271 2075 1515 2172 representation
1529 2080 1566 2150 de
1581 2083 1615 2153 la
1632 2088 1687 2155 oie
1705 2096 1894 2183 exernplaire
1909 2101 1954 2181 Θ

352 2182 451 2281 Quae
469 2183 589 2258 omnia
606 2180 820 2253 humilitatis
837 2200 953 2250 amore
963 2174 1123 2277 suppres·
1178 2173 1222 2241 du
1261 2179 1413 2269 religieux
1440 2192 1546 2270 trepas
1576 2181 1613 2250 de
1630 2184 1721 2255 Dant
1742 2191 1898 2266 Bernard
1915 2199 1955 2271 de

351 2280 427 2373 fit,
463 2282 519 2354 uti
546 2279 584 2353 bc
610 2279 771 2375 ingentia
794 2276 980 2349 Sermonum
1004 2280 1123 2346 oratio·
1178 2273 1293 2362 Perstn
1314 2273 1351 2343 de
1374 2275 1618 2370 Montgaillard
1628 2329 1640 2369 ,
1669 2284 1763 2356 Abbe'
1777 2287 1928 2367 tornat
1938 2347 1952 2389 ,

350 2403 486 2473 namque
509 2381 702 2466 volumina,
726 2376 764 2445 de
792 2376 878 2444 omni
900 2377 1040 2442 materia
1064 2424 1078 2464 ,
1104 2368 1124 2445 ἐ
1168 2367 1232 2461 ster
1243 2371 1271 2439 le
1286 2371 1401 2442 modale
1415 2372 1453 2441 de
1465 2373 1501 2444 S.
1518 2374 1672 2447 Bernard
1685 2383 1779 2453 Abte
1790 2386 1828 2458 de
1840 2392 1952 2465 Clar'r·
2031 2439 2040 2461 r

352 2476 482 2576 quibus
501 2478 690 2575 pleraque(
714 2471 880 2567 exemplo
895 2470 932 2540 S.
953 2469 1123 2543 Guerrici
1177 2490 1292 2559 vaux,
1325 2492 1369 2539 an
1379 2471 1460 2564 jarer
1478 2470 1521 2565 (5
1543 2475 1688 2549 celebritt
1706 2478 1808 2573 deses
1822 2509 1953 2585 exequar

354 2572 568 2675 Igniacensrs
585 2565 1122 2665 Abbatis)antcobitumsuutn,
1177 2567 1246 2650 &a
1486 2667 1495 2683 .
1661 2618 1665 2625 *

350 2700 389 2749 m
402 2687 1013 2861 ssbriiintsbblisciisongaillartius,
1049 2788 1123 2837 non
1176 2663 1948 2859 lenlsrosriicissrffstiitstisnermeistiiiesrlaiiffl.

352 2868 425 2944 fine
442 2866 630 2941 sanititatis
647 2864 818 2963 opinione
830 2864 869 2934 in
889 2860 1043 2937 Abbatra
1063 2860 1122 2934 sua
1176 2862 1283 2934 laeum
1302 2858 1413 2960 longe
1429 2861 1752 2965 honorificentius,
1776 2877 1949 2959 exhibens

350 2959 662 3042 Aureae-Vallensr
686 2987 777 3034 anno
806 2956 910 3033 1628.
939 2959 997 3032 die
1017 2957 1120 3053 8Ju·
1176 2960 1369 3033 Praelatum
1405 2961 1640 3055 genuflexum
1676 2988 1757 3041 ante
1800 2974 1949 3059 statuam

349 3069 431 3157 nii,
457 3062 614 3161 sepultus
639 3058 770 3134 ibidem
792 3076 873 3130 ante
889 3056 1021 3154 gradus
1038 3058 1120 3131 dor·
1176 3057 1336 3155 Deipare
1369 3057 1558 3155 Virginis,
1594 3083 1679 3136 cum
1706 3067 1774 3145 hac
1795 3072 1947 3181 inscrip.

350 3163 490 3236 mitorii
508 3163 601 3235 intra
616 3176 718 3230 vetus
733 3154 909 3254 templum
916 3184 931 3240 3
960 3154 1123 3230 ordinato
1174 3155 1286 3229 tione.

351 3260 417 3333 fibi
436 3260 508 3331 hoc
527 3256 727 3357 Epitaphio
751 3306 764 3347 ,
792 3251 890 3353 quod
910 3251 1019 3353 paulb
1041 3274 1121 3330 ante
1426 3252 1479 3328 D.
1530 3257 1581 3330 O.
1633 3257 1694 3332 M.

350 3358 491 3434 obitum
508 3351 737 3523 scripserat.O
802 3445 850 3519 M
1173 3351 1433 3426 Banusnous
1454 3377 1561 3526 HDES
1587 3354 1946 3526 lssonroartnann

356 3588 358 3592 ·
456 3550 539 3625 Viri
563 3553 713 3647 magni,
739 3543 869 3642 probi,
896 3542 1015 3637 boni,
1174 3547 1355 3648 Magnum
1369 3546 1517 3621 Ordinis
1536 3551 1575 3624 δε
1598 3554 1730 3628 Saeculi
1747 3554 1797 3632 sui
1813 3560 1921 3639 decus
1928 3619 1943 3661 ,

427 3647 538 3726 Chari
557 3649 705 3741 Patres,
741 3643 856 3736 Filii,
883 3644 1043 3736 Fratres,
1339 3645 1472 3719 Nobili
1490 3649 1585 3746 apud
1605 3650 1783 3729 Vascones
1842 3709 1844 3713 ψ

341 3778 342 3781 “
473 3744 696 3820 Accedentes
715 3795 728 3837 ,
755 3738 995 3833 discedentes,
1267 3741 1542 3818 Ponsinoaun
1561 3749 1591 3820 F
1593 3750 1712 3824 anilia
1730 3775 1854 3851 ortus,

426 3836 688 3919 Adscendentes
712 3894 726 3935 ,
761 3836 1010 3913 descendentes
1030 3890 1043 3930 ,
1231 3838 1277 3913 In
1296 3838 1425 3913 sacram
1443 3843 1473 3913 F
1475 3843 1641 3919 uliensem
1658 3847 1885 3953 adscriptus,

376 3941 543 4036 Videte,
562 3944 698 4040 legite,
725 3937 872 4031 audite,
900 3936 1064 4010 exaudite
1073 3967 1087 4023 5
1200 3935 1251 4009 Et
1270 3962 1356 4011 mox
1370 3941 1409 4013 in
1425 3938 1692 4019 Cilierciensem
1705 3953 1916 4053 transsatus,

455 4042 530 4114 Hic
549 4043 645 4137 jacet
661 4036 773 4113 vester
789 4032 1011 4127 Bernardus,
1197 4033 1303 4107 Toto
1318 4038 1464 4111 virtutis
1481 4038 1558 4112 nisu
1575 4045 1613 4115 in
1623 4044 1742 4120 Deum
1752 4046 1916 4127 surrexit.

375 4137 450 4212 Cui
464 4161 528 4213 vos
543 4137 688 4231 dilcsti,
715 4136 777 4235 qui
795 4132 898 4207 vobis
917 4131 1090 4227 dilestus,
1196 4132 1370 4207 Pontific.
1398 4136 1613 4213 Innocentio
1639 4142 1710 4216 IX.
1737 4146 1917 4229 Clementi

540 4229 941 4324 Miser&miserabilis,
1044 4251 1046 4256 ·
1388 4230 1503 4305 Vlll.
1532 4258 1727 4336 acceptus,

374 4329 660 4408 Misericordiam
677 4331 855 4423 Domini,
882 4332 920 4406 ὃ(
943 4324 1092 4402 vestram
1371 4329 1471 4427 Regi
1488 4334 1651 4407 Henrico
1671 4340 1744 4411 ΙΙΙ.

400 4434 585 4532 Expetens
605 4485 618 4525 ‚
644 4448 841 4529 exoptans,
865 4422 1065 4524 expesians.
1209 4426 1260 4501 Et
1277 4426 1507 4522 Principibus
1524 4430 1676 4504 Alberto
1694 4436 1731 4508 &
1748 4432 1907 4515 isabella:

376 4531 464 4606 Eia!
494 4528 582 4603 heu!
611 4528 687 4605 eia!
706 4526 821 4601 estote
835 4521 1089 4599 misericordes.
1214 4607 1217 4612 .
1395 4526 1693 4603 Aconcionibus.

424 4630 609 4703 Memores
635 4625 748 4701 estote
782 4622 912 4723 judicii
937 4627 1006 4697 mei
1020 4655 1036 4713 5
1249 4620 1386 4697 Italiam
1411 4622 1448 4695 ὃ(
1466 4622 1622 4699 Galliam
1640 4627 1862 4731 adolescens,

476 4727 538 4798 Sic
557 4727 650 4797 enim
666 4727 735 4797 erit
751 4720 789 4793 ὅ(
813 4719 986 4793 vestrum:
1025 4791 1034 4798 ,
1416 4720 1487 4794 Vir
1501 4724 1684 4822 Belgicam

453 4822 547 4895 Heri
564 4819 676 4913 mihi,
703 4820 741 4893 &
758 4816 860 4900 uobis
878 4815 1006 4907 hodiea
1172 4815 1294 4886 Aureo
1320 4842 1380 4890 ore
1404 4820 1441 4893 in
1464 4820 1730 4898 admirationem
1743 4824 1795 4901 sui
1814 4833 1937 4907 traxit.

347 4924 447 5000 Haec
463 4916 650 4993 charissimi
698 4916 779 4989 haec
793 4913 999 5015 perpendite
1017 4968 1031 5008 ,
1207 4911 1337 4989 Insulis
1354 4916 1582 5015 Apparniensr
1600 4923 1638 4997 &
1656 4924 1900 5026 Audegavenfi

424 5019 475 5093 Et
491 5016 580 5090 mihi
600 4970 724 5089 misero
746 5035 867 5115 preces
887 5012 1040 5111 pendite.
1360 5014 1502 5090 Oblatis
1519 5017 1556 5092 &
1573 5021 1761 5119 neglciiis,

437 5113 571 5209 Abite,
599 5110 719 5188 sonui
738 5109 879 5203 estote,
905 5112 1030 5186 valete.
1358 5112 1452 5188 Tres
1470 5115 1511 5188 N
1515 5118 1625 5197 izellis
1652 5146 1787 5216 annos,

347 5211 516 5321 Expeiio
534 5211 650 5288 donec
665 5212 781 5287 veniat
800 5210 1004 5285 immutatio
1016 5230 1117 5302 urea,
1255 5206 1347 5283 Tres
1364 5211 1402 5284 &
1423 5216 1457 5286 vi
1485 5215 1552 5289 inti
1575 5216 1722 5291 Atrreae·
1729 5220 1851 5315 Valli,

434 5313 560 5387 Frater
587 5310 913 5383 Bnnnnnnus
953 5331 1017 5383 nu
1313 5307 1441 5407 Qroa
1471 5312 1583 5410 estu,
1609 5314 1790 5391 conano

495 5409 969 5500 Monuonruuann,
1257 5429 1260 5434 ·
1337 5406 1455 5481 Verus
1480 5411 1585 5485 Pater
1616 5411 1775 5512 praefuit.

396 5506 521 5603 Hujus
537 5503 711 5581 Ecclefiae
729 5501 850 5577 Abbas
871 5502 1064 5577 XXXIX.
1415 5506 1518 5676 Opto
1535 5510 1702 5584 tandem?

344 5601 514 5684 vivendo
530 5607 704 5698 moriens,
732 5602 770 5675 &
785 5602 970 5677 moriendo
980 5604 1115 5697 vivens,
1219 5601 1329 5675 Anno
1351 5602 1442 5679 Chri
1476 5610 1487 5679 i
1502 5610 1561 5679 M.
1573 5610 1625 5680 D.
1636 5609 1682 5683 C.
1693 5609 1891 5687 XXVIII.

310 5727 312 5730 ’
603 5701 679 5777 Sibi
700 5699 833 5803 posuit.
1244 5702 1418 5798 Pietatis,
1445 5702 1652 5802 doitrinae,
1686 5708 1863 5785 facundiae

343 5802 519 5976 Excepuae
549 5803 661 5976 ep'us,
686 5823 818 5903 magno
845 5797 1114 5895 Praelaorum,
1243 5796 1290 5878 ln
1315 5803 1417 5879 terris
1434 5802 1543 5982 jusbar
1559 5807 1763 5886 extinsium
1784 5810 1866 5907 est,
1916 5866 1918 5870 ι

408 5949 412 5963 r
465 5922 524 5977 om,
572 5952 583 5976 ,
952 5925 971 5936 “
1649 5939 1651 5944 ·
