4600 7509
667 1154 1369 1269 PARSPRIMA.
1742 1169 1853 1303 ὥς

300 1329 464 1409 idonei
479 1327 611 1430 Konpis
630 1329 773 1429 Opera,
795 1330 840 1408 ud
859 1351 1021 1410 veterum
1077 1327 1261 1425 nicenus,
1286 1352 1391 1431 quam
1417 1326 1549 1409 sonno
1571 1329 1649 1434 ipso
1668 1340 1850 1419 revelante·

251 1430 434 1510 Codicum
442 1430 1021 1534 ipsumqueautographumemen·
1076 1427 1283 1522 didicerat,
1316 1425 1459 1599 scriptis
1485 1432 1676 1510 mandavit.
1714 1439 1846 1517 Exstat

251 1530 345 1605 data.
379 1535 556 1630 Antverp.
591 1530 689 1629 typis
724 1531 841 1606 Mart.
872 1532 1022 1626 Nutii,
1078 1528 1166 1602 MS.
1190 1531 1229 1602 in
1252 1523 1389 1601 Bibliot
1415 1550 1478 1601 eca
1497 1530 1745 1632 Martiniano,
1771 1535 1848 1614 hoc·

257 1641 361 1705 1600.
385 1626 419 1701 8.
436 1628 475 1704 ὃ(
491 1628 587 1703 alibi.
1074 1626 1207 1700 initio:
1237 1621 1437 1719 Temporibus
1458 1627 1692 1719 Imperatorum
1712 1639 1850 1712 Diocle-1

303 1727 354 1798 D.
372 1727 544 1823 Augustini
559 1722 786 1821 Confofflonnm
803 1719 914 1798 libros
932 1747 1021 1799 x111.
1075 1728 1160 1797 sioni
1177 1723 1221 1805 {i
1245 1725 1452 1798 Maximiani
1472 1725 1541 1809 &a
1565 1727 1682 1803 ubi&
1699 1729 1844 1834 sequen·

254 1823 374 1898 Duaci
403 1822 505 1898 1608.
527 1826 696 1921 tnpypis
716 1822 857 1894 Belleri.
1076 1823 1127 1895 tia
1147 1822 1256 1895 verba
1289 1820 1404 1896 eidem
1429 1820 1532 1899 Vitae
1559 1830 1710 1930 antiqui
1739 1849 1846 1910 manu

301 1923 556 2016 Meditotiones,
589 1924 762 2015 Soliloquia
795 1918 834 1994 δι
861 1918 1024 1997 Manuale
1076 1918 1231 2021 praefixu
1244 1918 1442 2017 leguntur:

251 2018 398 2116 ejufilom.
424 2019 520 2093 lbid.
799 2079 803 2086 .
1125 2017 1217 2089 Erat
1226 2016 1366 2091 -Tornooi
1381 2019 1546 2109 Clericus,

303 2120 474 2193 Albertum
495 2118 656 2213 Magnum
673 2115 711 2187 de
719 2109 880 2209 Paradiso
887 2117 1024 2203 animae,
1125 2116 1243 2204 Puer,
1271 2119 1393 2206 Civis,
1417 2118 1619 2213 Canonieus,

253 2212 312 2289 seu
330 2214 373 2287 de
394 2215 608 2301 Virtutibus,
647 2237 752 2311 quem
777 2212 814 2285 &
831 2210 964 2286 Suholiis
980 2212 1023 2283 il·
1126 2212 1309 2286 chricus
1322 2213 1424 2285 dinus
1439 2219 1587 2304 nomine,

254 2313 429 2389 lustravit.
462 2316 613 2387 Antver.
635 2308 729 2410 apud
751 2312 859 2408 Joan.
894 2310 1021 2382 More·
1125 2314 1286 2386 Alumnus
1301 2333 1423 2405 mugnae
1437 2314 1619 2406 Domina,

252 2431 344 2487 tum.
1125 2412 1189 2479 Cui
1214 2411 1403 2481 revelantur
1430 2434 1538 2484 omnm

303 2512 347 2584 B.
359 2505 545 2603 Anselmnm
559 2507 597 2578 de
611 2503 811 2579 Excellentia
826 2503 932 2580 ΒΜ
944 2500 1025 2577 Vor·
1124 2506 1235 2598 Hujus
1250 2508 1328 2578 libri
1334 2506 1523 2601 sequentia,

250 2611 345 2706 ginis.
366 2607 621 2680 Similitudinum
635 2602 819 2694 libellum,
846 2602 884 2676 &
900 2602 1024 2693 Epistu-
1126 2603 1361 2704 Qaefuerant
1372 2609 1440 2699 igni
1455 2605 1537 2679 data

255 2711 327 2795 las,
350 2705 473 2777 eodem
491 2703 644 2776 auctore.
663 2699 756 2771 lbid.
782 2710 885 2792 1605.
907 2710 960 2774 16.
980 2700 1024 2771 B.
1127 2708 1169 2775 A
1184 2721 1278 2796 gente
1299 2706 1394 2773 nimis
1408 2705 1506 2774 elata.

256 2802 423 2897 Ansolmi,
450 2798 636 2872 Traditum
652 2798 690 2869 de
704 2822 786 2870 xrv.
800 2798 924 2868 dotibus
937 2799 1024 2871 Bua-
1131 2796 1283 2897 Scripfit
1299 2818 1462 2896 preterea
1476 2800 1567 2873 idem
1578 2800 1850 2883 Henrionslibel·

256 2914 372 2972 torum.
390 2897 485 2972 lbid.
502 2900 540 2973 in
561 2919 616 2971 ιι.
635 2897 770 2970 Omnia
792 2896 871 2966 haec
890 2897 926 2968 S.
949 2899 1025 2966 An·
1080 2896 1153 2969 lum
1179 2898 1217 2966 de
1248 2900 1458 2991 Antiquitute
1501 2900 1601 2972 Urbis
1641 2897 1852 3000 Tornaeensts.

105 3049 111 3056 -
245 2997 352 3072 selmi
377 2997 550 3095 Archiep.
578 2995 750 3067 Cantuar.
776 2995 898 3091 Opera
911 2993 1027 3064 denuo
1083 2994 1170 3066 MS.
1194 2991 1489 3093 ibidem3s1cque
1513 2998 1669 3096 incipit:
1689 3007 1786 3076 Anno
1810 3007 1855 3080 ab

255 3095 423 3196 prodiere
451 3092 619 3185 Parisris,
652 3090 717 3163 fol.
755 3100 859 3186 1675.
884 3107 1029 3162 curante
1082 3094 1239 3183 everstone
1254 3087 1387 3183 iiojuni
1406 3097 1530 3184 imperii
1547 3095 1616 3176 &a

257 3195 360 3268 Gale.
376 3193 556 3278 Gerberun,
582 3186 826 3262 Benedidiino.
1131 3185 1311 3260 Ceterum
1329 3188 1428 3286 quod
1445 3188 1487 3261 ad
1500 3190 1609 3290 ipsius
1629 3190 1784 3272 visiones
1799 3217 1856 3276 ut·

171 3347 179 3356 .
305 3293 446 3387 Joannis
464 3286 633 3362 i'ritdumii
641 3288 782 3362 Abbatis
791 3288 1029 3357 Commentario
1084 3285 1212 3379 tinet,
1265 3287 1304 3358 in
1343 3284 1515 3359 Audiario
1553 3286 1595 3359 ad
1641 3290 1857 3374 Chronicon

239 3390 293 3472 ‚in
312 3391 470 3486 Regulum
491 3387 529 3460 S.
564 3386 739 3462 Benedilii.
790 3383 912 3457 Duaci
934 3381 1029 3480 apud
1082 3380 1241 3456 Anselmi
1259 3380 1410 3457 Abbatis
1437 3383 1735 3483 Gemblacenfis,
1760 3398 1857 3470 anno'

258 3488 470 3580 Bellorum,
499 3481 604 3559 1608.
627 3483 666 3555 ὃς
699 3482 912 3556 Valencenis
932 3480 1027 3580 apud
1085 3502 1190 3575 1140.
1220 3502 1340 3554 earum
1361 3480 1406 3554 fit
1429 3484 1599 3576 mentio,
1623 3484 1677 3557 his
1701 3488 1818 3563 verbis
1841 3516 1853 3566 ε

254 3584 427 3680 Joannem
446 3578 701 3657 verolieteod.
714 3605 806 3654 anno
828 3582 867 3653 in
885 3576 920 3653 8.
1040 3596 1044 3600 ·
1080 3580 1184 3671 Apud
1195 3573 1371 3652 Turnacum
1383 3580 1553 3677 adolescens
1566 3585 1725 3675 Clericus,
1751 3588 1856 3664 Hen.

308 3684 504 3784 Denique,
532 3681 702 3754 Sommalio
717 3677 908 3753 colludiose
924 3672 943 3749 ὲ
960 3676 1025 3752 SS.
1080 3677 1178 3751 ricus
1190 3682 1340 3765 nomine,
1367 3683 1472 3752 multo
1485 3684 1520 3751 in
1526 3676 1650 3775 spiritu
1665 3683 1763 3756 uidit.
1790 3687 1859 3762 Vo-

245 3779 404 3855 .Patrum
427 3776 654 3879 opusculis,
682 3778 878 3873 Fasciculum
900 3778 1029 3851 Diuini
1080 3787 1151 3847 tam
1183 3799 1301 3872 quoque
1334 3776 1371 3850 S.
1403 3777 1618 3869 Eleutherii,
1657 3775 1859 3879 i'otnaoensts

123 3933 126 3938 -
256 3883 391 3957 Amoris
403 3893 498 3974 atque
511 3878 731 3968 Deuotionis,
755 3875 907 3954 excudit
925 3876 1027 3950 Dua·
1080 3870 1253 3969 Episcopi,
1280 3876 1402 3946 notitiae
1423 3876 1584 3949 hominnm
1610 3877 1777 3974 tradidit,
1810 3885 1859 3968 θ’

245 3984 294 4064 ,οἱ
313 3978 470 4051 Bellerus
490 4028 505 4070 ,
536 3971 638 4050 roos.
663 3985 708 4049 16
711 4031 720 4046 .
1079 3975 1149 4043 ulio
1169 3976 1273 4045 multa
1286 3988 1356 4044 tum
1371 3971 1409 4044 de
1422 3978 1517 4068 ipius
1534 3974 1622 4046 urbis
1637 3975 1858 4075 Episcopatu,

307 4131 597 4212 nturrcus
622 4129 978 4226 rnnuonnn,
1079 4069 1857 4265 {stridisllllilsliillstssdlsf

306 4255 470 4350 Frisrus,
506 4253 711 4326 Canonicus
755 4255 945 4350 Regulan's
987 4253 1025 4326 S.
1080 4283 1227 4334 mannus
1244 4259 1391 4353 Abbas,
1419 4267 1480 4358 qui
1495 4281 1610 4336 totam
1626 4264 1852 4347 dinanno-

258 4353 454 4454 Augustini
479 4356 518 4426 in
538 4350 690 4427 Thabor
714 4373 828 4452 prope
844 4353 990 4426 Snecam
1013 4406 1027 4447 ‚
1080 4358 1134 4429 nis
1146 4357 1184 4429 &
1198 4359 1249 4430 rei
1261 4356 1372 4456 gestae
1391 4357 1604 4452 historiam,
1632 4385 1736 4460 quam
1754 4375 1850 4468 Ρη.

256 4452 398 4554 scripsit
420 4455 527 4550 Opus
557 4449 723 4544 vastum,
783 4449 876 4545 stylo
911 4469 1029 4527 tamen
1079 4450 1154 4528 sens
1168 4452 1550 4557 oculisspel'tavit‚fusd
1564 4457 1615 4533 est
1630 4458 1852 4560 prosecutus..

258 4552 442 4646 rudiore,
496 4572 570 4650 quo
606 4545 861 4647 comptuitur
897 4547 1044 4623 Histo·-

258 4654 345 4726 riam
368 4651 549 4742 mixtam,
575 4646 646 4721 hoc
673 4641 1028 4723 esiEccleliastica'm
1107 4649 1478 4733 HENRICUS
1515 4679 1579 4730 oc
1620 4656 1824 4762 VICQ,

259 4749 362 4824 simul
377 4747 414 4822 &
427 4747 640 4839 Politicam',
658 4745 677 4819 it
692 4746 879 4820 nativitate
890 4745 1025 4822 Christi

258 4848 303 4921 ad
328 4870 456 4921 annum
476 4867 580 4940 1501.
598 4868 672 4942 quo
696 4841 835 4918 floruit.
854 4842 952 4919 Ilsus
978 4870 1023 4919 eo
1132 4844 1326 4922 Oosthovii
1343 4848 1382 4924 &
1404 4851 1613 4926 Warnaviae
1638 4855 1676 4928 in
1692 4855 1856 4935 Flandria

255 4944 329 5020 fuit
363 4940 543 5018 Suffsidus
573 4942 699 5014 Petrus
732 4941 782 5029 in,
799 4940 868 5016 luis
900 4942 1024 5019 Frisiae
1081 4939 1306 5043 Toparcha,
1347 4948 1528 5021 natusest
1567 4949 1779 5029 Valenceuis
1814 4958 1854 5032 in

243 5039 456 5120 ,Annalibus
473 5037 741 5115 concinnandis.
1083 5040 1309 5136 Harmonia,
1346 5068 1439 5118 anno
1468 5056 1571 5145 1536.
1602 5047 1746 5126 denatus
1783 5055 1856 5128 Ar·

388 5202 431 5277 H
458 5201 492 5275 E
518 5201 561 5276 N
590 5201 630 5273 R
658 5200 677 5273 I
705 5199 739 5274 C
766 5199 806 5275 U
833 5201 858 5275 s
887 5253 900 5295 ,
1082 5141 1515 5313 ffitepdiffitppsFlandria
1537 5171 1631 5254 armo
1669 5159 1775 5245 1596.
1799 5179 1855 5258 tv.
1911 5195 1937 5237 0

246 5317 251 5324 '
306 5317 346 5394 T
348 5320 545 5397 ornacenfis
574 5321 751 5438 Ecolefiae,
792 5323 997 5401 canonicus
1010 5381 1025 5424 ‚
1130 5334 1518 5436 Adolescensstudium
1536 5341 1802 5444 Philosophiae,
1816 5347 1856 5424 δι

156 5523 159 5528 ¹
257 5421 298 5498 S.
320 5418 648 5496 BernardoAbbatt
670 5420 1026 5536 Claraevallensrcon-
1083 5432 1270 5536 praecipue
1296 5435 1541 5534 Theologiae,
1568 5465 1651 5514 cunr
1668 5443 1852 5546 Jurisprup
1925 5513 1927 5518 ,

257 5539 532 5619 temporaneus,
560 5519 599 5593 ὅ(
623 5521 875 5616 Herrrnanno,
909 5519 951 5593 ad
987 5525 1026 5600 S.
1082 5530 1232 5628 dantia,
1259 5536 1321 5606 cui
1350 5557 1493 5634 operam
1522 5561 1567 5610 ex
1588 5563 1776 5642 praecepto
1795 5537 1857 5643 pa-

246 5618 460 5710 nMartinum
478 5621 518 5692 in
536 5617 624 5692 urbe
646 5617 868 5696 Tornacenfi
891 5618 1027 5699 Abbati
1084 5652 1225 5706 rentum
1248 5631 1374 5727 dabat,
1403 5639 1630 5732 conjunxit,
1661 5641 1767 5812 idpne
1784 5668 1860 5722 non

254 5737 375 5792 notus.
1081 5731 1120 5802 in
1142 5728 1250 5805 aiiuin
1270 5728 1412 5825 finem,
1440 5752 1481 5806 ut
1506 5733 1590 5809 alibi
1611 5737 1683 5837 ipse
1719 5742 1863 5840 cribit,

247 5907 274 5934 ι.
305 5781 706 5993 γῑζῑαθζδὶΕΙᾶῐόοήί,
739 5799 915 5944 Episcopi
930 5815 1029 5902 Tos-
1078 5825 1188 5930 quam
1208 5846 1251 5903 ut
1265 5825 1542 6011 pssmipmnfibi,
1567 5834 1864 5946 deinlneceffurus
