4600 7509
729 1099 1425 1242 onnsrnrun.
1786 1130 1895 1262 nay-

275 1294 341 1371 tiae
358 1285 574 1411 Parilicium
589 1286 1050 1407 didicit,docuitque-suos
1109 1326 1400 1406 HENRICUS
1433 1323 1871 1422 WORMERIANUS

278 1391 459 1476 Namurcr
475 1392 514 1468 &
533 1392 833 1506 Audomaropoh.
1872 1397 1889 1443 ¹

327 1493 415 1568 Fuit
433 1491 582 1570 Ordinis
593 1490 645 1566 sui
662 1488 831 1570 Mimster
842 1491 1051 1568 Provincia·
1160 1489 1393 1587 Hollandus,
1419 1492 1516 1568 vixit
1540 1489 1709 1572 Coloniae
1732 1552 1745 1594 ,
1772 1497 1887 1605 serip-

277 1590 321 1664 lis
340 1591 378 1664 δε
396 1589 663 1668 Commiffarius
687 1591 859 1708 generalis
884 1615 948 1690 per
966 1591 1052 1665 Bel·
1111 1582 1227 1688 fitque
1263 1589 1397 1664 ibidem
1439 1590 1611 1684 Epitomen
1653 1598 1886 1693 Astronann‘ae‚

275 1692 411 1864 giiupns,
436 1689 686 1863 ἓτὲῑεᾷῐυίιᾳυε
702 1686 936 1863 ρεῦὲηἵξῐίῑὶυ
946 1688 1050 1860 ,Jssiss'
1109 1687 1242 1762 editam
1260 1714 1355 1765 anno
1373 1711 1482 1786 1514.

124 1835 127 1840 ·
317 1812 442 1860 enta
510 1813 685 1861 aruum
750 1813 832 1862 nra
922 1815 945 1863 o
1863 1841 1871 1849 -

278 1884 415 1960 ibidem'
423 1885 516 1959 diem
528 1813 665 1960 lilaulit
681 1811 881 1960 citreorum
900 1888 937 1959 in
946 1839 1052 1959 Con-²
1144 1881 1186 1955 H
1198 1881 1282 1959 EN
1292 1885 1335 1959 R
1346 1884 1364 1958 1
1375 1882 1408 1960 C
1418 1882 1495 1961 US
1542 1882 1579 1963 V
1593 1884 1712 1968 ULP
1724 1891 1743 1965 Ι
1753 1893 1828 1972 US
1845 1951 1859 1994 ,

278 2002 389 2057 ventu
405 1984 615 2060 Arae-Coeli
629 2009 721 2058 anno
739 2006 842 2080 1599.
857 1983 914 2056 die
927 1982 1049 2058 secun·
1909 2003 1914 2012 ·

277 2080 326 2156 do
344 2081 574 2181 Septembris.
602 2082 1052 2180 Ingeniisuimonumenta
1158 2076 1379 2184 Liflngensrs,
1410 2081 1531 2180 (quod
1554 2088 1702 2160 unicum
1721 2088 1774 2164 est
1803 2094 1884 2188 opi·

278 2179 360 2252 haec
377 2181 523 2279 reliquit
544 2206 551 2250 :
1107 2169 1193 2249 dum
1213 2229 1228 2272 ,
1256 2177 1277 2251 d
1293 2202 1367 2277 quo
1382 2177 1476 2255 ditio
1494 2182 1661 2283 Lingana
1677 2211 1807 2262 nomen
1821 2190 1883 2265 ha·

326 2278 476 2353 Athenas
493 2272 752 2350 Orthodoxoram
779 2277 931 2350 Soanta·
945 2275 1050 2349 Fran·
1109 2272 1203 2360 bct)
1239 2275 1435 2351 Rostoehii
1456 2282 1492 2351 in
1518 2280 1711 2358 Germania
1735 2287 1901 2361 Matho.

276 2374 391 2469 cifiani
414 2409 425 2462 t
461 2375 505 2448 de
536 2375 782 2471 Scriptoribus
805 2375 857 2449 sui
885 2373 1050 2448 Ordinis.
1111 2369 1163 2445 sm
1179 2373 1355 2474 Artesque
1374 2375 1483 2452 bonas
1497 2377 1627 2455 docuit
1652 2408 1661 2454 :
1691 2383 1884 2464 &ibidem

279 2473 437 2564 Leodi,
469 2472 575 2571 1598.
594 2468 629 2542 8.
1107 2469 1287 2566 deceffit,
1325 2498 1417 2547 anno
1452 2486 1555 2572 1560.
1585 2479 1800 2558 Prodierunt
1840 2487 1884 2559 li·

328 2573 467 2644 Oliavae
490 2571 540 2644 II.
576 2569 798 2643 Iubmilinrnm
823 2569 862 2641 de
888 2570 941 2645 SS
977 2570 1050 2646 Ee·
1107 2566 1191 2643 belli
1235 2569 1310 2643 duo
1363 2571 1533 2647 Coloniae
1583 2577 1706 2654 exeufi
1736 2631 1751 2676 ,
1792 2601 1884 2660 anno

277 2667 434 2756 charistia
453 2671 658 2742 Sacramenta
683 2668 787 2741 Prior
802 2670 896 2741 edita
913 2669 1057 2762 Duaei,
1112 2688 1217 2763 1544.
1234 2669 1353 2761 Vulpia
1376 2668 1543 2766 audiore,
1694 2681 1697 2688 '

277 2768 372 2864 apud
386 2768 494 2877 Joan.
512 2766 740 2864 Bogardum‚
774 2789 877 2865 1592.
891 2763 925 2839 8.
942 2768 1049 2842 altera
1157 2767 1215 2837 De
1235 2767 1460 2880 Arithnneticae
1474 2772 1636 2886 Proelica
1651 2774 1796 2872 Regalis.
1837 2879 1844 2894 .

276 2863 772 3057 Legiiilininmlinlbniilicint,
805 2962 868 3059 qui
890 2959 934 3034 de
950 2961 1047 3060 judi·
1105 2865 1885 3064 AstIrJoirolinqiinimlsieiieiisstiiiiliicis‚drumm

278 3060 339 3134 cio
363 3080 527 3133 extremo
553 3059 646 3157 apud
667 3059 796 3152 Judam
833 3059 1049 3156 Apostolum
1393 3123 1397 3129 .

279 3159 525 3259 prophetavit.
553 3156 718 3251 Leodii,
748 3153 852 3252 1598.
873 3178 909 3250 4.
928 3158 1050 3230 Multa
1132 3153 1423 3231 HENRICUS
1452 3181 1508 3232 nu
1537 3163 1884 3269 ZOEMEREN,

277 3256 379 3350 alia,
412 3257 534 3328 eodem
561 3253 739 3348 auctore,
782 3259 820 3327 in
856 3255 1051 3332 Conventu

143 3359 148 3367 '
279 3353 491 3432 Leodicenli
513 3351 765 3445 adservantur,
792 3352 1027 3428 hocordine:
1159 3348 1281 3450 (Qti
1305 3349 1507 3428 Brabantiae
1543 3358 1645 3442 vicus
1676 3360 1765 3457 est,
1804 3384 1886 3440 ante

328 3453 516 3543 Syrachides
535 3452 758 3545 Euangeliens.
1106 3446 1284 3524 bellorum
1302 3449 1422 3524 turbas
1441 3452 1478 3525 ἃ
1496 3451 1569 3529 loci
1595 3454 1733 3538 ambitu
1754 3461 1792 3538 &
1809 3463 1886 3564 pla.

328 3551 424 3624 Elias
442 3552 665 3644 Euangelieas.
1108 3568 1277 3640 tearum,
1303 3547 1470 3644 aedium,
1508 3553 1706 3632 incolarum
1734 3583 1885 3638 numero

327 3649 463 3722 Eliezer
485 3650 708 3743 Euangeliens.
1104 3668 1151 3718 ex
1170 3645 1259 3719 Cam
1289 3648 1378 3721 aniae
1405 3651 1598 3732 maximis:
1627 3647 1883 3737 )S.The010.

326 3748 449 3822 noemi·
465 3746 673 3841 Euangelna.
1104 3747 1178 3842 giae
1193 3669 1338 3818 Dobor
1351 3746 1550 3822 Paristensrs
1565 3748 1790 3849 Academiae,
1801 3755 1885 3832 dein

328 3845 471 3920 Rebecca
487 3845 694 3939 Euangeliea.
1107 3841 1322 3916 Lovanienst
1366 3846 1640 3945 incorporatus,
1666 3874 1708 3925 ac
1744 3854 1783 3928 S.
1818 3853 1882 3940 VT.

329 3945 463 4020 Manna
478 3943 718 4038 Euangelicnm.
978 3993 980 3998 -
1106 3939 1286 4015 Professor
1318 3940 1497 4038 Lovanii‚
1521 3969 1586 4020 nec
1612 3972 1685 4023 non
1716 3950 1885 4026 Decanus

327 4043 481 4128 Daniel,
507 4041 696 4132 Heltzens,
728 4037 883 4132 Jepbta,
917 4037 1053 4132 Jonas,
1109 4037 1283 4112 Ecclesia:
1301 4041 1347 4113 B.
1372 4042 1433 4114 M.
1453 4042 1506 4115 V.
1521 4046 1733 4144 Antverpiae
1754 4050 1792 4123 ὃ(
1809 4050 1881 4124 Ca-

280 4137 427 4238 Isbaset,
454 4139 554 4227 No'e',
586 4139 693 4228 Abel,
729 4131 867 4226 maias,
900 4138 1054 4231 David,
1110 4137 1321 4210 nonicus.ad
1339 4136 1377 4211 8.
1391 4138 1564 4228 Joannem
1582 4142 1820 4237 Sylvaeducis.

276 4238 437 4334 Moyses,
478 4235 664 4329 Raphai'l,
696 4233 911 4324 Abinelech‚
936 4234 1056 4307 Hiere·
1160 4230 1314 4331 Scripsit
1331 4231 1376 4304 ad
1405 4233 1606 4308 instantiam
1638 4239 1847 4322 Belimionis
1867 4298 1887 4341 ,.

280 4341 391 4426 mins,
418 4337 548 4424 Simon,
574 4332 727 4426 Sampson
742 4332 964 4428 Euangelians.
989 4395 994 4408 ,
1111 4327 1307 4404 Cardinalis
1318 4330 1493 4428 Nicaeni,
1511 4333 1716 4433 Apostolici
1732 4359 1809 4416 tum
1822 4367 1886 4443 per

331 4434 503 4534 Populati
533 4428 620 4506 verb
649 4431 857 4523 idiomate,
892 4430 964 4504 hoc
1004 4428 1056 4503 est
1112 4426 1339 4501 Germaniam
1353 4452 1395 4500 ac
1415 4431 1582 4528 Belgium
1604 4434 1765 4533 Legati,

281 4533 448 4631 gallico,
484 4529 597 4605 edidit
625 4533 795 4606 Conaianas
818 4530 858 4601 de
886 4527 1054 4625 Indulgen·
1160 4527 1331 4622 Epitennn
1354 4528 1487 4625 Dialogi
1506 4533 1672 4608 Gailialmi
1701 4537 1840 4616 Ockam'
1848 4539 1888 4612 da

281 4638 404 4704 tiaram
430 4633 495 4720 vi,
521 4647 642 4703 natata
658 4631 702 4714 (εἰ
723 4632 947 4725 antiquina,
974 4628 1013 4700 N
1019 4651 1054 4698 a·
1112 4623 1296 4706 Haereticis.
1326 4626 1521 4724 Lovanii,
1561 4627 1666 4725 1481.
1699 4632 1764 4710 fol.
1790 4637 1887 4740 apud

283 4731 400 4803 murci
434 4727 570 4802 habitas
610 4730 649 4802 in
680 4725 856 4804 Sodalitio
902 4723 1055 4822 Cinguli
1109 4725 1204 4825 apud
1215 4726 1320 4820 Joan.
1336 4724 1381 4799 de
1401 4726 1639 4827 Westplralia.

282 4825 537 4917 Franciseani,
566 4823 586 4898 i
604 4825 713 4898 Sixto
730 4824 784 4898 V.
799 4823 1055 4902 instituti.Lo·
1165 4823 1383 4918 Enniolorum
1402 4827 1581 4906 volumen.
1602 4824 1695 4899 lbid.

282 4927 405 5020 vanii,
432 4923 527 5022 apud
545 4920 715 5000 Mafium.
813 4979 817 4984 -
1159 4919 1336 5017 Epaiolan
1357 4923 1395 4995 de
1412 4939 1507 5018 capta
1525 4925 1885 5018 constantinopoli.,.cu·

333 5026 525 5097 Orationem
548 5026 584 5096 in
605 5021 761 5116 Eneqaiis
775 5017 908 5094 lanne
926 5019 964 5092 de
979 5018 1057 5094 Me·
1109 5019 1170 5118 jus
1186 5019 1225 5092 in
1240 5043 1370 5117 magno
1386 5021 1575 5098 Chronico
1590 5025 1764 5121 Belgico,
1778 5027 1807 5098 F
1810 5051 1888 5100 ran·

287 5125 362 5214 lna,
389 5120 560 5220 conjugis
581 5120 758 5198 Florentii
787 5117 945 5200 Comus
966 5121 1055 5194 Ber·
1109 5113 1251 5193 eofurti
1274 5119 1404 5215 edito,
1431 5118 1478 5198 fit
1496 5123 1664 5210 menti03
1690 5125 1890 5236 recitatque

285 5222 462 5297 lemontii.
480 5217 576 5293 lbid.
884 5285 888 5294 ,
1113 5216 1424 5312 totamJoannesi
1445 5221 1641 5302 Meerhout
1659 5225 1697 5295 in
1713 5221 1808 5296 libro
1824 5229 1888 5297 luo
1982 5241 1984 5245 '

286 5376 628 5458 HENRICUS
675 5402 702 5454 Α
742 5375 1059 5472 WITTEM'
1115 5313 1283 5489 {lignulo
1302 5316 1582 5402 demirobilibus
1604 5319 1792 5398 eventibus
1809 5347 1888 5422 cap.

336 5516 482 5610 Pobta,
509 5511 593 5591 lufit
610 5516 767 5592 carmine
780 5512 1022 5612 gratulatorio
1165 5511 1275 5588 Obiit
1290 5536 1383 5588 armo
1404 5531 1509 5607 1472.
1523 5540 1611 5590 xix.
1629 5515 1710 5598 Kal.
1723 5518 1887 5615 Septem·

335 5613 395 5689 De
408 5633 487 5708 paca
503 5616 695 5709 antverpia
705 5612 803 5710 faiid
825 5617 911 5687 inter
928 5611 1061 5686 Paiani-
1115 5607 1188 5684 bris
1203 5609 1325 5698 ,libris
1342 5665 1356 5707 ,
1383 5614 1519 5709 calice,
1544 5613 1687 5715 aliisque
1704 5642 1773 5716 pro
1790 5617 1888 5708 unni·

277 5732 355 5810 pan
375 5711 581 5808 Parmensem
607 5713 651 5798 ὅ
670 5717 756 5790 cives
779 5711 1031 5809 Antonpienses
1043 5762 1057 5808 ,
1116 5707 1268 5783 versario
1298 5729 1407 5810 atque
1434 5716 1561 5787 animae
1596 5713 1667 5788 suae
1703 5713 1892 5810 refrigerio

285 5814 385 5917 typis
400 5812 559 5890 Plautio.
573 5811 613 5892 in
631 5833 670 5910 4.
1115 5807 1247 5884 relidis
1269 5807 1434 5986 Pareppfi
1450 5813 1719 5892 Praemonllmt.
1738 5813 1892 5892 Ordinis

474 5969 477 5974 .
1421 5934 1446 5984 n
1471 5937 1496 5987 n
1521 5934 1545 5993 2
