4600 7509
358 1081 463 1178 244
672 1037 1254 1146 BIBLIOT'HECAE
1303 1035 1681 1142 BELG'ICAE

266 1298 271 1308 g
405 1211 466 1290 De
503 1208 672 1286 Oratione.
696 1209 785 1285 Ms.
818 1209 857 1286 in
889 1205 1064 1284 Coriend.
1181 1202 1286 1282 lionis
1304 1199 1366 1302 48.
1392 1203 1508 1280 mense
1531 1203 1728 1306 Martio-9
1752 1195 1866 1280 diei>
1881 1203 1935 1284 e»

404 1310 465 1390 De
483 1309 712 1386 Meditatione.
1177 1309 1267 1399 gorio
1287 1307 1413 1402 Magno
1440 1299 1629 1377 Ecclefiae'
1651 1297 1821 1378 Dotion
1845 1301 1940 1404 stete,

405 1408 465 1482 De
481 1409 613 1503 Regalis
627 1412 709 1479 vitae
723 1402 989 1492 Christianorum.
1184 1405 1247 1572 ³ui
1278 1401 1360 1476 stilo
1388 1404 1499 1476 veteri
1530 1397 1607 1474 fuit
1629 1397 1835 1474 vicefimus
1851 1397 1938 1482 leun

409 1505 612 1600 Unguentum
634 1502 806 1596 Mysticum
826 1505 864 1574 de
883 1503 977 1574 rebus
991 1497 1131 1598 Tungra-
1209 1523 1280 1593 ue,
1308 1497 1416 1574 hodie
1434 1498 1485 1572 est
1500 1495 1768 1572 duodecimus.

360 1625 435 1674 eum
462 1602 547 1714 Mi.
569 1597 662 1701 apud
676 1601 874 1715 Regulares
885 1597 1129 1712 Tungrenscs.
1235 1593 1326 1709 Qto
1361 1596 1556 1710 etiamdie
1581 1603 1673 1768 ἓὲιιξ
1704 1592 1748 1668 id
1772 1589 1948 1694 quoquest

407 1700 660 1773 Colianonesll.
671 1719 731 1793 pro
746 1699 895 1794 Capitale
905 1699 1046 1794 generali
1061 1697 1130 1770 Or·
1183 1707 1274 1767 tnntr
1308 1693 1580 1794 Scnptorrslau
1690 1691 1952 1770 commendant

358 1791 444 1868 dinis
463 1797 704 1898 Carthustenfis.
1182 1813 1279 1962 21ng
1291 1813 1336 1864 ue
1353 1791 1424 1866 hoc
1440 1793 1525 1864 loco
1539 1787 1747 1892 adjiciam)
1765 1787 1946 1866 mnotdd.

407 1895 608 1991 Apocalypsts
633 1943 648 1985 ‚
677 1892 749 1969 five
770 1890 997 1967 Revelationes
1011 1890 1080 1988 fibi
1106 1893 1131 1964 d
1305 1891 1362 1964 itu
1386 1889 1532 1980 Ryckelii
1555 1885 1773 1966 centenum
1794 1885 1955 1986 erigetur.

355 1989 556 2084 Deosaiiae.
1184 1983 1367 2084 septimo,
1392 1986 1487 2062 sacta
1497 1987 1577 2084 ejus
1602 1985 1684 2060 oilir
1710 2007 1782 2086 per
1802 1986 1954 2063 Henitn'*

406 2087 582 2182 Epniolae,
608 2085 651 2161 ad
668 2082 837 2160 diversos.
865 2086 917 2160 Et
932 2085 1021 2160 alia:
1038 2109 1129 2184 quo·
1185 2083 1358 2174 Cuyckinm
1399 2138 1413 2181 ,
1463 2079 1704 2184 Episcopum
1750 2083 1949 2162 Rurm

355 2205 437 2258 rum
455 2183 672 2283 Catalogum
696 2187 707 2256 i
737 2180 770 2254 sc
786 2181 926 2257 Audlor
943 2172 1128 2280 cotffcrip·
1184 2178 1353 2277 densum
1379 2181 1565 2256 exhumari
1579 2179 1709 2280 juffit,
1738 2175 1949 2258 invenerim

356 2277 402 2356 iit
458 2305 566 2382 quem
584 2287 623 2357 in
642 2209 904 2355 Bibliothecam
923 2277 1019 2354 suam
1037 2278 1128 2353 Car·
1185 2273 1251 2352 libi
1273 2273 1404 2353 mutuo
1425 2284 1595 2379 majorem
1613 2297 1772 2374 partem
1789 2277 1956 2354 cohm

355 2396 398 2451 tu
427 2404 528 2455 anun
575 2381 755 2453 Theodorus
797 2380 949 2450 Petreius
988 2378 1126 2451 retulit.
1183 2378 1259 2469 tia,
1286 2376 1324 2451 dt
1339 2375 1460 2477 (quod
1476 2394 1556 2450 tota
1573 2379 1743 2452 miretur
1760 2373 1958 2476 posteriul

354 2475 527 2578 Pleraque
554 2477 724 2552 Coloniae
754 2475 843 2550 letti
867 2473 1009 2562 fuire3
1046 2474 1127 2546 inde
1183 2473 1306 2572 pollex
1325 2473 1498 2548 &index
1522 2497 1650 2550 manus
1667 2473 1876 2568 dextaae,
1897 2473 1952 2550 dn

355 2573 677 2666 Rutaemondam‚
715 2571 778 2645 ubi
843 2565 976 2643 rithhm
1004 2591 1127 2667 nata,
1183 2571 1353 2645 nimirum
1384 2567 1657 2646 scribendorum
1693 2569 1882 2648 librorum
1911 2573 1962 2650 ite·

356 2670 524 2744 transsata
549 2668 662 2764 sunt,
690 2667 777 2740 teste
803 2597 936 2740 ihidem
954 2670 1126 2763 Petreio,
1184 2665 1377 2743 strumenta
1392 2666 1546 2744 maxime
1568 2666 1801 2763 neceffiria,
1825 2671 1957 2770 integri,

354 2769 419 2864 qui
443 2765 628 2840 desiderari
644 2790 689 2841 ex
707 2766 799 2858 illis,
826 2763 1056 2865 nondumque
1070 2787 1126 2840 re·
1182 2764 1319 2839 carnosi
1336 2768 1375 2840 &1
1390 2766 1515 2840 vividi.
1541 2766 1641 2840 Vide
1656 2767 1836 2840 Litteras
1853 2763 1954 2870 Epir.

354 2883 458 2966 perta
472 2863 540 2938 effe
557 2882 659 2937 notat
678 2861 872 2961 sequentia.
1184 2860 1346 2957 Cuyckii
1371 2863 1464 2964 apud
1481 2867 1668 2942 Aeneidem
1697 2863 1958 2962 lievenfindr

403 2961 463 3036 De
476 2963 591 3034 divina
610 2963 756 3056 Effentia
947 2955 951 2965 ’
1185 2956 1376 3036 Εποᾶἰοῃε
1408 2986 1586 3037 novorum
1614 2967 1658 3036 in
1697 2961 1843 3060 Belgio
1869 2959 1973 3066 Epi.

403 3060 462 3134 De
474 3059 702 3156 deformatione
716 3054 1126 3154 &ReformationeEccle·
1182 3079 1229 3131 co
1255 3075 1381 3133 atuum
1396 3059 1460 3134 lib.
1483 3083 1544 3134 ru.
1560 3083 1644 3160 cap.
1661 3081 1708 3132 x.
1727 3059 1772 3134 ὃ(
1796 3085 1858 3136 xt.
1939 3101 1942 3108 ·

342 3156 417 3252 fiae.
1273 3178 1294 3227 e
1312 3155 1404 3230 Vita
1416 3177 1535 3232 autem
1551 3153 1765 3256 scriptisve
1784 3161 1851 3258 qui
1869 3157 1957 3258 plm

402 3255 462 3330 De
476 3258 528 3330 Re
547 3259 643 3329 imina
660 3257 886 3329 Pniatnrum.
1182 3248 1351 3327 desiderat
1368 3306 1382 3349 ,
1397 3256 1493 3354 legat
1509 3253 1779 3330 Praefationem
1797 3277 1881 3334 ante
1893 3259 1956 3356 q'u

400 3354 461 3426 De
478 3280 576 3446 offiiio
590 3355 718 3449 Legati.
1184 3347 1490 3426 Commentariun
1506 3355 1546 3427 in
1566 3351 1759 3452 Epistolas
1779 3355 1835 3428 D.
1853 3355 1956 3450 Pauli,

399 3449 599 3547 Dehomsta
612 3446 846 3546 converfittione
859 3450 1064 3523 clericorum.
1182 3449 1272 3520 curi
1301 3446 1508 3524 Dotiorum
1527 3449 1826 3549 Theologorutn
1851 3453 1954 3528 Colo·

399 3547 564 3643 Dialogus
584 3552 671 3620 inter
695 3547 857 3621 Christum
872 3548 914 3628 &
931 3550 1125 3638 Principem.
1180 3543 1353 3620 nienfium
1377 3541 1535 3644 primum
1558 3547 1698 3622 editum
1717 3574 1823 3624 anno
1844 3570 1954 3652 15301

402 3647 462 3719 De
482 3647 567 3722 Vita
590 3646 632 3730 {d
653 3648 801 3740 exemplis
818 3649 1037 3738 Antiquarum
1053 3645 1127 3716 Pa·
1181 3642 1268 3717 item
1292 3643 1453 3718 libellum
1477 3641 1632 3719 Theodori
1653 3647 1807 3738 Lo‘e'rii,
1835 3649 1955 3750 Operi·

353 3751 454 3812 trum.
1180 3739 1246 3812 bus
1268 3743 1418 3835 Dionysii
1442 3742 1714 3832 adhaerentem
1758 3745 1954 3820 Bibliothe·
1990 3809 1992 3816 .

398 3838 458 3913 De
472 3842 547 3909 adu
563 3835 777 3932 Vtsttationis.
803 3837 861 3910 De
882 3840 1004 3931 triplici
1019 3841 1100 3916 Via.
1179 3860 1258 3910 carn
1277 3838 1546 3914 Carthusta'nam
1564 3839 1724 3914 menori
1740 3843 1876 3917 Petreii
1886 3841 1900 3939 3
1920 3843 1953 3920 dt

399 3937 460 4011 De
473 3936 675 4028 Discretione
692 3935 885 4026 Spiritnum.
1181 3937 1321 4010 Petrum
1357 3940 1567 4012 Dorlandum
1595 3936 1784 4016 Chronici
1816 3937 1950 4016 Cartui

398 4034 458 4107 De
472 4033 664 4106 Elevatinne
679 4035 792 4103 mentis
805 4036 842 4103 in
853 4033 976 4105 Deum.
1181 4032 1245 4107 lib.
1262 4059 1333 4108 vu.

401 4129 583 4228 Dialogi‚
608 4132 666 4204 De
686 4128 858 4203 charitatis
874 4130 1046 4227 profanu,
1081 4135 1124 4220 &
1231 4131 1341 4207 Anno
1369 4127 1474 4228 1718.
1503 4149 1726 4208 conventum
1760 4131 1880 4211 firme
1903 4135 1952 4212 iu·

348 4225 388 4300 le
404 4225 593 4322 perfeeiione
614 4227 795 4301 charitatis.
1180 4243 1236 4302 ter
1277 4231 1331 4306 R.
1382 4231 1425 4303 P.
1469 4228 1667 4332 Josephum
1703 4232 1799 4406 Et}
1857 4255 1951 4310 raeve

402 4325 536 4423 Neque
587 4321 944 4420 taetermittendum,
971 4325 1124 4404 instante
1180 4325 1341 4400 Priorem
1395 4328 1557 4403 Bruxell.
1615 4351 1659 4402 ac
1713 4328 1768 4404 Vi
1802 4351 1949 4408 tatem

353 4419 536 4517 Dionyfio
550 4348 761 4518 hymetio,
779 4418 1123 4519 &satagentecaro-
1180 4421 1500 4499 Carthufianorum
1526 4427 1567 4499 in
1585 4427 1749 4525 Belgio,
1777 4429 1820 4504 ὅτ
1847 4429 1960 4506 Fran·-

350 4517 389 4591 lo
414 4518 560 4593 Audace
576 4519 799 4617 Burgundio:
819 4518 929 4592 Duce
941 4519 1123 4600 fundatam
1178 4518 1314 4595 ciscum
1345 4523 1376 4594 F
1378 4549 1425 4624 op
1454 4546 1514 4596 ens
1550 4525 1830 4626 typographum
1860 4527 1948 4600 Bru·

347 4611 452 4690 fuiffe
468 4618 565 4690 circa
584 4641 716 4690 annum
733 4638 836 4710 1470.
852 4618 997 4691 Domum
1015 4621 1120 4696 Sto-
1179 4618 1397 4714 xellensem,
1422 4549 1468 4692 de
1492 4644 1584 4694 nova
1599 4623 1760 4696 editione
1785 4623 1950 4724 Operam

342 4711 716 4808 phiae,Carthus1ani
741 4711 889 4788 Ordinis
903 4720 1017 4816 juxta
1037 4719 1119 4817 Syl·
1179 4719 1341 4791 omnium
1380 4715 1549 4814 Dionyfii
1580 4717 1853 4816 Carthuliani,
1894 4741 1949 4822 ty·

349 4813 598 4887 vam-Ducis:
627 4820 730 4909 cujus
743 4807 815 4910 ipsc
835 4812 1033 4914 Dionysius
1045 4818 1121 4918 pri·
1206 4816 1235 4885 is
1270 4813 1338 4888 suis
1369 4815 1603 4912 exhibenda,
1636 4815 1710 4892 und
1746 4841 1837 4894 cum
1869 4821 1945 4932 qui.-

354 4930 434 4981 mue
450 4910 557 4984 Prior
575 4907 776 5008 defignatus
795 4906 879 4981 fuit.
1178 4838 1323 4986 husdam
1362 4911 1595 4989 Trattatrbus
1619 4913 1795 5010 ineditis,
1824 4941 1888 5018 qur
1911 4921 1946 4994 in

403 5004 473 5079 Vir
494 5007 587 5102 hic,
621 5025 680 5081 tot
697 5006 989 5082 lucubrationum
1006 5007 1045 5081 dc
1060 5032 1124 5084 ex·
1176 5009 1482 5085 Ruraemundensr
1510 5011 1700 5089 Carthufia
1721 5013 1947 5090 asservantur.

350 5103 556 5178 tenentium
572 5102 747 5178 librorum
766 5109 784 5197 (
802 5127 957 5202 quorum
973 5107 1122 5184 ultimus
1178 5108 1245 5181 Ast
1277 5106 1340 5181 ubi
1369 5107 1413 5180 de
1446 5107 1565 5184 eadem
1608 5111 1784 5188 Editione
1832 5111 1948 5190 aQum

349 5199 421 5274 fuit
448 5201 702 5277 Meditationtm
728 5201 933 5296 volumen,
962 5204 1061 5300 quod
1090 5205 1123 5282 se
1174 5205 1245 5282 fuit
1286 5207 1326 5280 in
1360 5205 1528 5281 Generali
1573 5207 1751 5305 Capitulo
1794 5211 1948 5308 Majon't

349 5298 398 5370 ait
417 5298 585 5400 scripstss'e
605 5326 697 5373 anno
717 5301 833 5373 aetatis
848 5296 919 5370 suae
933 5297 1120 5475 septutge·
1174 5301 1375 5378 Carthusrae
1397 5356 1412 5399 ,
1436 5306 1628 5381 voluerunt
1645 5307 1717 5380 PP.
1751 5302 1947 5388 Gallicam

351 5393 440 5470 fimo
466 5395 595 5484 nono)
623 5396 778 5492 audior,
813 5398 971 5497 vitaeque
994 5395 1052 5472 san
1088 5405 1117 5476 i·
1174 5401 1252 5475 fieri
1274 5404 1313 5476 in
1339 5402 1493 5499 Gallia,
1526 5407 1624 5480 omni
1669 5427 1713 5478 ue
1736 5403 1945 5484 Manuscti·

347 5497 471 5568 monii
497 5493 700 5570 clarissimus
725 5550 742 5589 ,
765 5495 915 5568 animam
937 5497 1020 5569 Deo
1038 5496 1118 5573 bra·
1171 5519 1234 5599 pta
1270 5501 1358 5574 illuc
1396 5502 1592 5578 transferri.
1624 5429 1756 5602 ²Quod
1783 5503 1872 5580 dum
1889 5527 1944 5580 re·

346 5608 420 5664 tam
449 5593 604 5670 reddidit
639 5597 677 5668 in
702 5588 867 5667 Cattusra
894 5596 1118 5672 Ruraentun·
1170 5597 1340 5674 cusarunt
1391 5598 1562 5681 nostrates
1599 5653 1617 5700 ,
1676 5621 1831 5678 conatus
1882 5601 1947 5684 isse

338 5684 467 5785 deuii,
492 5716 586 5767 enno
620 5713 726 5790 1471.
758 5693 956 5793 aetatie79,
978 5693 1119 5800 profes-
1172 5697 1332 5773 evanuit.
1807 5709 1812 5718 “
